
@article{Lund2014,
  author = {Lund, Henrik and Werner, Sven and Wiltshire, Robin and Svendsen, 
	    Svend and Thorsen, Jan Eric and Hvelplund, Frede and Mathiesen, 
	    Brian Vad},
  doi = {10.1016/j.energy.2014.02.089},
  isbn = {0360-5442},
  issn = {03605442},
  journal = {Energy},
  month = {apr},
  pages = {1--11},
  publisher = {Pergamon},
  title = {{4th Generation District Heating (4GDH). Integrating smart thermal 
	   grids into future sustainable energy systems.}},
  volume = {68},
  year = {2014}
}

@article{Abraham2009,
  author = {Abraham, J.P. and Sparrow, E.M. and Tong, J.C.K.},
  doi = {10.1016/J.IJHEATMASSTRANSFER.2008.07.009},
  issn = {0017-9310},
  journal = {International Journal of Heat and Mass Transfer},
  month = {jan},
  number = {3-4},
  pages = {557--563},
  publisher = {Pergamon},
  title = {{Heat transfer in all pipe flow regimes: laminar, transitional/intermittent, and turbulent}},
  volume = {52},
  year = {2009}
}

